@article{DBLP:journals/corr/SchroffKP15,
	author    = {Florian Schroff and
	Dmitry Kalenichenko and
	James Philbin},
	title     = {FaceNet: {A} Unified Embedding for Face Recognition and Clustering},
	journal   = {CoRR},
	volume    = {abs/1503.03832},
	year      = {2015},
	url       = {http://arxiv.org/abs/1503.03832},
	timestamp = {Thu, 09 Apr 2015 11:33:20 +0200},
	biburl    = {http://dblp.uni-trier.de/rec/bib/journals/corr/SchroffKP15},
	bibsource = {dblp computer science bibliography, http://dblp.org}
},

@techreport{amos2016openface,
	title={OpenFace: A general-purpose face recognition
	library with mobile applications},
	author={Amos, Brandon and Bartosz Ludwiczuk and Satyanarayanan, Mahadev},
	year={2016},
	institution={CMU-CS-16-118, CMU School of Computer Science},
}

@article{hoare_csp,
	author = {Hoare, C. A. R.},
	title = {Communicating Sequential Processes},
	journal = {Commun. ACM},
	issue_date = {Aug. 1978},
	volume = {21},
	number = {8},
	month = aug,
	year = {1978},
	issn = {0001-0782},
	pages = {666--677},
	numpages = {12},
	url = {http://doi.acm.org/10.1145/359576.359585},
	doi = {10.1145/359576.359585},
	acmid = {359585},
	publisher = {ACM},
	address = {New York, NY, USA},
	keywords = {classes, concurrency, conditional critical regions, coroutines, data representations, guarded commands, input, iterative arrays, monitors, multiple entries, multiple exits, nondeterminacy, output, parallel programming, procedures, program structures, programming, programming languages, programming primitives, recursion},
},

